
@inproceedings{GSN,
  title={The goal structuring notation-a safety argument notation},
  author={Tim, K. and Rob, W.},
  booktitle={Proc. of Dependable Systems and Networks 2004 Workshop on Assurance Cases},
  year={2004}
}

@book{Arg, 
  title={議論の技法},
  author={Stephen, E.T.},
  publisher={東京図書},
  year={2011},
  month={5},
  isbn={9784489020940},
  url={http://amazon.co.jp/o/ASIN/4489020945/},
  totalpages={384},
  timestamp={2014.07.24},
}

@book{Toulmin2003, 
  title={The Uses of Argument},
  author={Stephen, E.T.},
  publisher={Cambridge University Press},
  year={2003},
  month={7},
  edition={Updated},
  isbn={9780521534833},
  totalpages={262}
}

@inproceedings{LLVM,
 author = {Lattner, Chris and Adve, Vikram},
 title = {LLVM: A Compilation Framework for Lifelong Program Analysis \& Transformation},
 booktitle = {Proceedings of the international symposium on Code generation and optimization: feedback-directed and runtime optimization},
 series = {CGO '04},
 year = {2004},
 isbn = {0-7695-2102-9},
 location = {PaloAlto, California},
 pages = {75--},
 url = {http://dl.acm.org/citation.cfm?id=977395.977673},
 acmid = {977673},
 publisher = {IEEE Computer Society},
 address = {Washington, DC, USA},
}
@inproceedings{Emscripten,
 author = {Zakai, Alon},
 title = {Emscripten: an LLVM-to-JavaScript compiler},
 booktitle = {Proceedings of the ACM international conference companion on Object oriented programming systems languages and applications companion},
 series = {SPLASH '11},
 year = {2011},
 isbn = {978-1-4503-0942-4},
 location = {Portland, Oregon, USA},
 pages = {301--312},
 numpages = {12},
 url = {http://doi.acm.org/10.1145/2048147.2048224},
 doi = {http://doi.acm.org/10.1145/2048147.2048224},
 acmid = {2048224},
 publisher = {ACM},
 address = {New York, NY, USA},
 keywords = {decompiler, javascript, llvm},
} 
@article{Coffee,
 author = {Lerner, Reuven M.},
 title = {At the forge: introducing CoffeeScript},
 journal = {Linux J.},
 issue_date = {August 2011},
 volume = {2011},
 issue = {208},
 month = aug,
 year = {2011},
 issn = {1075-3583},
 articleno = {9},
 url = {http://dl.acm.org/citation.cfm?id=2020786.2020795},
 acmid = {2020795},
 publisher = {Belltown Media},
 address = {Houston, TX},
} 
@article{RoR,
 author = {B\"{a}chle, Michael and Kirchberg, Paul},
 title = {Ruby on Rails},
 journal = {IEEE Softw.},
 volume = {24},
 issue = {6},
 month = {November},
 year = {2007},
 issn = {0740-7459},
 pages = {105--108},
 numpages = {4},
 url = {http://dl.acm.org/citation.cfm?id=1308450.1309112},
 doi = {10.1109/MS.2007.176},
 acmid = {1309112},
 publisher = {IEEE Computer Society Press},
 address = {Los Alamitos, CA, USA},
 keywords = {programming languages},
} 
@book{ecma:262,
  added-at = {2006-01-25T23:07:07.000+0100},
  author = {International, ECMA},
  biburl = {http://www.bibsonomy.org/bibtex/2cd1a2db9bdc8b05d0350d95a1a517fa6/mobileink},
  description = {Standard definition of Javascript},
  interhash = {4c8f546d255f890ffa9da6aabb9a1ffc},
  intrahash = {cd1a2db9bdc8b05d0350d95a1a517fa6},
  keywords = {javascript},
  timestamp = {2006-01-25T23:07:07.000+0100},
  title = {Standard ECMA-262},
  url = {http://www.ecma-international.org/publications/standards/Ecma-262.htm},
  year = 1999
}
@misc{Konoha,
  title =	 {{KonohaScript: A Static Scripting Language}},
  howpublished = {http://konohascript.org},
  publisher={Konoha Project}
}
@misc{TypeScript,
  title =	 {{TypeScript}},
  howpublished = {http://www.typescriptlang.org/},
  publisher={Microsoft}
}
@misc{Windows8,
  title={Programming Windows 8 Apps with HTML, CSS, and JavaScript},
  author={Brockschmidt, K.},
  isbn={9780735672611},
  series={Microsoft Press Series},
  url={http://books.google.co.jp/books?id=9\_TSkQEACAAJ},
  year={2012},
  publisher={Microsoft GmbH}
}
@misc{FireFoxOS,
  title =	 {{Firefox OS}},
  howpublished = {http://www.mozilla.jp/firefoxos/},
  publisher={Mozilla Foundation},
}
@book{JavaScript6,
  title={JavaScript 第6版},
  author={David Flanagan, 村上 列},
  isbn={9784873115733},
  url={http://books.google.co.jp/books?id=a\_RsMAEACAAJ},
  year={2012},
  publisher={オライリー・ジャパン}
} 
@misc{Haxe,
  title={Haxe MULTIPLATFORM OPENSOURCE PROGRAMMING LANGUAGE},
  howpublished={http://haxe.org/},
}
@misc{JSX,
  title={JSX - a faster, safer, easier JavaScript},
  howpublished={http://jsx.github.com/},
  publisher={DeNA, Co., Ltd.},
}
@misc{QNX,
  title={QNX CAR Application Platform},
  howpublished={http://www.qnx.com/products/qnxcar/},
  publisher={QNX},
}
@misc{Dart,
  title={Dart: Structured web apps},
  howpublished={http://www.dartlang.org/},
  publisher={Google},
}
@misc{YUI,
  title={YUI Profiler},
  howpublished={http://yuilibrary.com/yui/docs/profiler/},
  publisher={Yahoo! Inc.},
}